<record><leader>00000cas a22000007a 4500</leader><controlfield tag="001">13860327</controlfield><controlfield tag="008">860711d19011904inuwr ne      0    0eng d</controlfield><datafield ind1=" " ind2=" " tag="010"><subfield code="a">sn 86058676 </subfield></datafield><datafield ind1=" " ind2=" " tag="040"><subfield code="a">NPI</subfield><subfield code="b">eng</subfield><subfield code="c">NPI</subfield><subfield code="d">OCLCQ</subfield></datafield><datafield ind1=" " ind2=" " tag="042"><subfield code="a">msc</subfield></datafield><datafield ind1="0" ind2="0" tag="245"><subfield code="a">Hamilton County Democrat.</subfield></datafield><datafield ind1=" " ind2=" " tag="260"><subfield code="a">Noblesville, Ind. :</subfield><subfield code="b">R.M. Isherwood,</subfield><subfield code="c">1901-</subfield></datafield><datafield ind1=" " ind2=" " tag="300"><subfield code="a">v. :</subfield><subfield code="b">ill. ;</subfield><subfield code="c">57 cm.</subfield></datafield><datafield ind1=" " ind2=" " tag="310"><subfield code="a">Weekly</subfield></datafield><datafield ind1="0" ind2=" " tag="362"><subfield code="a">Vol. 27, no. 49 [i.e. no. 50] (Dec. 13, 1901)-</subfield></datafield><datafield ind1="1" ind2=" " tag="362"><subfield code="a">Discontinued around July 1904.</subfield><subfield code="z">Cf. Miller, John W. Indiana newspaper bibliog.</subfield></datafield><datafield ind1=" " ind2=" " tag="515"><subfield code="a">No issues were published between July 5th, 1901 when the previous title ceased and Dec. 13th, 1901 when this title began.</subfield></datafield><datafield ind1=" " ind2=" " tag="515"><subfield code="a">Dec. 13 and Dec. 20 issues were misnumbered as 49 and 50 instead of 50 and 51; Jan. 3, 1902 issue was misdated Jan. 3, 1901.</subfield></datafield><datafield ind1=" " ind2=" " tag="752"><subfield code="a">United States</subfield><subfield code="b">Indiana</subfield><subfield code="c">Hamilton</subfield><subfield code="d">Noblesville.</subfield></datafield><datafield ind1="0" ind2="0" tag="780"><subfield code="t">Democrat (Noblesville, Ind.)</subfield><subfield code="w">(DLC)sn 86058675</subfield></datafield></record>